@article{Zimbra:2018:STS:3210372.3185045,
	author = {Zimbra, David and Abbasi, Ahmed and Zeng, Daniel and Chen, Hsinchun},
	title = {The State-of-the-Art in Twitter Sentiment Analysis: A Review and Benchmark Evaluation},
	journal = {ACM Trans. Manage. Inf. Syst.},
	issue_date = {September 2018},
	volume = {9},
	number = {2},
	month = aug,
	year = {2018},
	issn = {2158-656X},
	pages = {5:1--5:29},
	articleno = {5},
	numpages = {29},
	url = {http://doi.acm.org/10.1145/3185045},
	doi = {10.1145/3185045},
	acmid = {3185045},
	publisher = {ACM},
	address = {New York, NY, USA},
	keywords = {Sentiment analysis, benchmark evaluation, natural language processing, opinion mining, social media, text mining, twitter},
}

@inproceedings{bermingham-smeaton-2011-using,
	title = "On Using Twitter to Monitor Political Sentiment and Predict Election Results",
	author = "Bermingham, Adam  and
	Smeaton, Alan",
	booktitle = "Proceedings of the Workshop on Sentiment Analysis where {AI} meets Psychology ({SAAIP} 2011)",
	month = nov,
	year = "2011",
	address = "Chiang Mai, Thailand",
	publisher = "Asian Federation of Natural Language Processing",
	url = "https://www.aclweb.org/anthology/W11-3702",
	pages = "2--10",
}

@article{bollen2011twitter,
	added-at = {2011-09-22T15:49:20.000+0200},
	author = {Bollen, J. and Mao, H. and Zeng, X.},
	biburl = {https://www.bibsonomy.org/bibtex/218b13a9113d0a1f99ac7ce43f0d3a303/becker},
	interhash = {93a641671c8f2a8c69647c0e333c9798},
	intrahash = {18b13a9113d0a1f99ac7ce43f0d3a303},
	journal = {Journal of Computational Science},
	keywords = {},
	publisher = {Elsevier},
	timestamp = {2011-09-22T15:49:20.000+0200},
	title = {Twitter mood predicts the stock market},
	url = {http://scholar.google.de/scholar.bib?q=info:7jxZLbM1mzwJ:scholar.google.com/&output=citation&hl=de&as_sdt=0&ct=citation&cd=54},
	year = 2011
}

@article{Rui:2013:WCM:2528554.2528633,
	author = {Rui, Huaxia and Liu, Yizao and Whinston, Andrew},
	title = {Whose and What Chatter Matters? The Effect of Tweets on Movie Sales},
	journal = {Decis. Support Syst.},
	issue_date = {November, 2013},
	volume = {55},
	number = {4},
	month = nov,
	year = {2013},
	issn = {0167-9236},
	pages = {863--870},
	numpages = {8},
	url = {http://dx.doi.org/10.1016/j.dss.2012.12.022},
	doi = {10.1016/j.dss.2012.12.022},
	acmid = {2528633},
	publisher = {Elsevier Science Publishers B. V.},
	address = {Amsterdam, The Netherlands, The Netherlands},
	keywords = {Dynamic panel data, Movie sales, Social broadcasting networks, Social media, Twitter, Word-of-mouth},
} 

@article{JURADO201582,
	title = "Sentiment Analysis in monitoring software development processes: An exploratory case study on GitHub's project issues",
	journal = "Journal of Systems and Software",
	volume = "104",
	pages = "82 - 89",
	year = "2015",
	issn = "0164-1212",
	doi = "https://doi.org/10.1016/j.jss.2015.02.055",
	url = "http://www.sciencedirect.com/science/article/pii/S0164121215000485",
	author = "Francisco Jurado and Pilar Rodriguez",
	keywords = "Software development process, Github, Sentiment Analysis",
}
